@book{SideChannel,
    author    = "Lei, Q., Wu, L., Zhang, S., Zhang, X., Li, X., Pan, L. and Z. Dong",
    title     = "Software Hardware Co-design for Side-Channel Analysis Platform on Security Chips",
    year      = "December 2015",
}
@book{Multi,
    author    = "Biryukov, A., De Canniere, C., Quisquater, M.",
    title     = " On Multiple Linear Approximations",
    year      = "2004",
}
@book{SCA,
    author    = "State Cryptography Administration of China",
    title     = "State Cryptography Administration of China",
    year      = "December 2017",
}

@BOOK{HK,
 AUTHOR={H. Kopka and P. W. Daly},
 TITLE={A Guide to LaTeX},
 PUBLISHER={Addison-Wesley},
 ADDRESS={Reading, MA},
 YEAR=1999.
 }
@BOOK{MG,
 AUTHOR={M. Goossens and F. Mittelbach and A. Samarin},
 TITLE={A LaTeX Companion},
 PUBLISHER={Addison-Wesley},
 ADDRESS={Reading, MA},
 YEAR=1994.
 }
@ARTICLE{Pan,
 AUTHOR={D. Pan},
 TITLE={A Tutorial on MPEG/Audio Compression},
 JOURNAL={IEEE Multimedia},
 YEAR={1995},
 VOLUME= {2} ,
 PAGES={60-74},
 MONTH={Summer}.
}


https://kb.pl/porady/dalmierz-laserowy-rodzaje-zastosowanie-producenci-opinie-porady/@misc{git,
	title = "{Github}",
	howpublished = "\url{https://github.com/}",
	note = "Dostęp zdalny (10.03.2021)"
}
@misc{discord,
	title = "{Discord}",
	howpublished = "\url{https://discord.com/}",
	note = "Dostęp zdalny (10.03.2021)"
}

@misc{trello,
	title = "{Trello}",
	howpublished = "\url{https://trello.com/}",
	note = "Dostęp zdalny (10.03.2021)"
}



@misc{design_thinking,
	title = "{Design Thinking 101 — The Double Diamond Approach (Part II of II)}",
	howpublished = "\url{https://medium.com/seek-blog/design-thinking-101-the-double-diamond-approach-ii-4c0ce62f64c7}",
	note = "Dostęp zdalny (14.03.2021)"
}
@misc{overleaf,
	title = "{Overleaf}",
	howpublished = "\url{https://www.overleaf.com/}",
	note = "Dostęp zdalny (01.03.2021)"
}
@misc{pycharm,
	title = "{PyCharm}",
	howpublished = "\url{https://www.jetbrains.com/pycharm/}",
	note = "Dostęp zdalny (01.03.2021)"
}
@misc{quartus,
	title = "{Intel Quartus Prime}",
	howpublished = "\url{https://fpgasoftware.intel.com/}",
	note = "Dostęp zdalny (01.03.2021)"
}
@misc{design_pic,
	title = "{Schemat podejścia Design Thinking}",
	howpublished = "\url{https://inprogressdesignlab.com/blog/co-to-jest-design-thinking/}",
	note = "Dostęp zdalny (14.03.2021)"
}
@misc{signal,
	title = "{Podział sygnałów, oraz ich charakterystyka}",
	howpublished = "\url{http://atol.am.gdynia.pl/tc/cps2007/podzial.html}",
	note = "Dostęp zdalny (31.03.2021)"
}
@misc{signal_anal,
	title = "{Klasyczna analiza sygnałów}",
	howpublished = "\url{https://www.fuw.edu.pl/~durka/ksiazki/as/as_klasyczna.pdf}",
	note = "Dostęp zdalny (31.03.2021)"
}
@misc{korr,
	title = "{Splot i korelacja funkcji}",
	howpublished = "\url{https://sound.eti.pg.gda.pl/~greg/dsp/04-Splot.html}",
	note = "Dostęp zdalny (31.03.2021)"
}
@book{pts,
    author    = "R. G. Lyons",
    title     = "Wprowadzenie do cyfrowego przetwarzania sygnałów",
    year      = "2000",
    publisher = "Wydawnictwo Komunikacji i Łączności",
    address   = "Warszawa"
}
@misc{agh,
	title = "{Materiały dydaktyczne AGH}",
	howpublished = "\url{http://www.dsp.agh.edu.pl/doku.php?id=pl:dydaktyka:przetwarzaniesygnalowcyfrowych}",
	note = "Dostęp zdalny (31.03.2021)"
}
@misc{numpy,
	title = "{Dokumentacja NumPy}",
	howpublished = "\url{https://numpy.org/doc/stable/reference/index.html}",
	note = "Dostęp zdalny (31.03.2021)"
}
@misc{po,
	title = "{Sygnały czasowe i przetwarzanie sygnałów}",
	howpublished = "\url{https://r.pawliczek.po.opole.pl/dydaktyka/mtr_06.pdf}",
	note = "Dostęp zdalny (31.03.2021)"
}

@misc{dalmz,
	title = "{Metody pomiaru sygnałów przy użyciu dalmierza}",
	howpublished = "\url{https://kb.pl/porady/dalmierz-laserowy-rodzaje-zastosowanie-producenci-opinie-porady/}",
	note = "Dostęp zdalny (17.04.2021)"
}
@misc{dalmm,
	title = "{Materiały dydaktyczne AGH}",
	howpublished = "\url{https://zasoby1.open.agh.edu.pl/dydaktyka/automatyka/c_elektroniczna_techn_pomiarowa/w12.htm}",
	note = "Dostęp zdalny (17.04.2021)"
}
@misc{1,
	title = "{Materiały dydaktyczne Poltechniki Wrocławskiej - Dyskretne przekształcenie Fouriera}",
	howpublished = "\url{http://webcache.googleusercontent.com/search?q=cache:Rf822wclewcJ:zet10.ipee.pwr.wroc.pl/record/115/files/DFT.pdf+&cd=2&hl=pl&ct=clnk&gl=pl}",
	note = "Dostęp zdalny (18.04.2021)"
}
@misc{3,
	title = "{Wikipedia, wolna encyklopedia - Szybka transformacja Fouriera}",
	howpublished = "\url{https://pl.wikipedia.org/wiki/Szybka_transformacja_Fouriera}",
	note = "Dostęp zdalny (18.04.2021)"
}
@misc{4,
	title = "{Materiały dydaktyczne AGH - Dyskretne przekształcenie Fouriera}",
	howpublished = "\url{http://webcache.googleusercontent.com/search?q=cache:TbVhRDQ60eEJ:home.agh.edu.pl/~pieciak/wp-content/uploads/DFT.pdf+&cd=3&hl=pl&ct=clnk&gl=pl}",
	note = "Dostęp zdalny (18.04.2021)"
}
@misc{scipy,
	title = "{Biblioteka scipy signal}",
	howpublished = "\url{https://github.com/scipy/scipy/blob/master/scipy/signal/signaltools.py}",
	note = "Dostęp zdalny (20.04.2021)"
}
@misc{xcorr,
	title = "{Biblioteka xcorr}",
	howpublished = "\url{https://github.com/trichter/sito/blob/master/src/xcorr.c}",
	note = "Dostęp zdalny (15.05.2021)"
}